@article{pedersen2022accounting,
	title={Accounting for age of onset and family history improves power in genome-wide association studies},
	author={Pedersen, Emil M and Agerbo, Esben and Plana-Ripoll, Oleguer and Grove, Jakob and Dreier, Julie W and Musliner, Katherine L and B{\ae}kvad-Hansen, Marie and Athanasiadis, Georgios and Schork, Andrew and Bybjerg-Grauholm, Jonas and others},
	journal={The American Journal of Human Genetics},
	volume={109},
	number={3},
	pages={417--432},
	year={2022},
	publisher={Elsevier}
}

@article{hujoel2020liability,
	title={Liability threshold modeling of case--control status and family history of disease increases association power},
	author={Hujoel, Margaux LA and Gazal, Steven and Loh, Po-Ru and Patterson, Nick and Price, Alkes L},
	journal={Nature genetics},
	volume={52},
	number={5},
	pages={541--547},
	year={2020},
	publisher={Nature Publishing Group}
}

@article{pedersen2011danish,
	title={The Danish civil registration system},
	author={Pedersen, Carsten B{\o}cker},
	journal={Scandinavian journal of public health},
	volume={39},
	number={7\_suppl},
	pages={22--25},
	year={2011},
	publisher={Sage Publications Sage UK: London, England}
}

@article{lynge2011danish,
	title={The Danish national patient register},
	author={Lynge, Elsebeth and Sandegaard, Jakob Lynge and Rebolj, Matejka},
	journal={Scandinavian journal of public health},
	volume={39},
	number={7\_suppl},
	pages={30--33},
	year={2011},
	publisher={Sage Publications Sage UK: London, England}
}

@article{mors2011danish,
	title={The Danish psychiatric central research register},
	author={Mors, Ole and Perto, Gurli P and Mortensen, Preben Bo},
	journal={Scandinavian journal of public health},
	volume={39},
	number={7\_suppl},
	pages={54--57},
	year={2011},
	publisher={Sage Publications Sage UK: London, England}
}